<?xml version="1.0" encoding="UTF-8"?><collection xmlns="http://www.loc.gov/MARC21/slim"><record><leader>00535nam--2200169-i-4500</leader><controlfield tag="001">000047138</controlfield><controlfield tag="002">20161230</controlfield><controlfield tag="005">20170123231841</controlfield><controlfield tag="008">060222s1000------------r-----000-0-eng-d</controlfield><datafield ind1=" " ind2=" " tag="080"><subfield code="a">539.1.074.24</subfield></datafield><datafield ind1=" " ind2=" " tag="100"><subfield code="a">Weibrecht, Rudolf</subfield></datafield><datafield ind1=" " ind2=" " tag="245"><subfield code="a">Das geiger-zahlrohr und andere strahlendetektoren. 2., Verbesserte auflage. Mit 38 bilderm</subfield></datafield><datafield ind1=" " ind2=" " tag="260"><subfield code="a">Leipzig</subfield><subfield code="b">Veb Deutscher Verlag Fur Grundstoffindustrie</subfield><subfield code="c">1962</subfield></datafield><datafield ind1=" " ind2=" " tag="300"><subfield code="a">100 p., 38 fig</subfield></datafield><datafield ind1=" " ind2=" " tag="490"><subfield code="a">Kleine Bibliothek Der Kerntechnik</subfield></datafield><datafield ind1=" " ind2=" " tag="852"><subfield code="a">4326</subfield></datafield><datafield ind1=" " ind2=" " tag="CAT"><subfield code="a">SYS</subfield><subfield code="c">20170123</subfield><subfield code="h">231841</subfield></datafield></record></collection>